@inproceedings{adaptive-sampling,
  author    = {Law, Yee Wei and Chatterjea, Supriyo and Jin, Jiong and Hanselmann, Thomas and Palaniswami, Marimuthu},
  title     = {Energy-efficient data acquisition by adaptive sampling for wireless sensor networks},
  year      = {2009},
  month     = {06},
  series    = {IWCMC '09},
  booktitle = {Proceedings of the 2009 International Conference on Wireless Communications and Mobile  
               Computing: Connecting the World Wirelessly},
  pages     = {1146-1151},
  publisher = {Association for Computing Machinery},
  numpages  = {6},
  url       = {https://doi.org/10.1145/1582379.1582631},
  doi       = {10.1145/1582379.1582631},
  isbn      = {978-1-60558-569-7}
}


@book{nielsen:practical-time-series,
  author    = {Aileen Nielsen},
  publisher = {O'Reilly Media},
  title     = {Practical Time Series Analysis: Prediction with Statistics and Machine Learning},
  year      = {2019},
  isbn      = {978-1-492-04165-8}
}

@book{wei:time-series-analysis,
  author    = {William W.S. Wei},
  publisher = {Pearson Education, Inc.},
  title     = {Time Series Analysis: Univariate and Multivariate Methods},
  year      = {2006},
  isbn      = {0-321-32216-9},
  edition	= {2}
}

@article{anomaly-detection-models,
  author  = {Federico Giannoni and M. Mancini and Federico Marinelli},
  journal = {ArXiv},
  title   = {Anomaly Detection Models for IoT Time Series Data},
  year    = {2018},
  volume  = {abs/1812.00890},
  url     = {https://arxiv.org/pdf/1812.00890.pdf}
}

@article{big-data-collection-wsn,
  author  = {Djedouboum, Asside and ARI, Ado and Gueroui, Abdelhak and Mohamadou, Alidou and Aliouat, Zibouda},
  journal = {Sensors},
  title   = {Big Data Collection in Large-Scale Wireless Sensor Networks},
  year    = {2018},
  month   = {12},
  volume  = {18},
  doi     = {10.3390/s18124474},
  url     = {https://www.mdpi.com/1424-8220/18/12/4474}
}

@book{cambridge:data-mining,
  author    = {Zaki, Mohammed J. and Meira, Jr, Wagner},
  publisher = {Cambridge University Press},
  title     = {Data Mining and Analysis: Fundamental Concepts and Algorithms},
  year      = {2014},
  doi       = {10.1017/CBO9780511810114},
  place     = {Cambridge},
  url       = {https://dataminingbook.info/book_html/},
  isbn      = {978-0-521-76633-3},
  edition   = {2}
}

@article{waste-water-iot,
  author  = {Martínez Carreras, Ramón and Vela, Nuria and Aatik, Abderrazak and Murray, Eoin and Roche, Patrick and Navarro, Juan Miguel},
  journal = {Water},
  title   = {On the Use of an IoT Integrated System for Water Quality Monitoring and Management in Wastewater Treatment Plants},
  year    = {2020},
  month   = {04},
  pages   = {1096},
  volume  = {12},
  doi     = {10.3390/w12041096},
  url     = {https://www.mdpi.com/2073-4441/12/4/1096}
}

@book{kalman-filter-matlab,
  author    = {Grewal, Mohinder and Andrews, Angus},
  title     = {Kalman filtering: theory and practice using MATLAB},
  year      = {2008},
  edition   = {3},
  publisher = {John Wiley \& Sons, Inc.},
  doi       = {10.1002/9780470377819},
  isbn      = {978-0-470-17366-4},
  url       = {https://onlinelibrary.wiley.com/doi/book/10.1002/9780470377819}
}

@article{processing-information-flows,
  author    = {Cugola, Gianpaolo and Margara, Alessandro},
  title     = {Processing Flows of Information: From Data Stream to Complex Event Processing},
  year      = {2012},
  month     = {06},
  publisher = {Association for Computing Machinery},
  volume    = {44},
  number    = {3},
  issn      = {0360-0300},
  url       = {https://doi.org/10.1145/2187671.2187677},
  doi       = {10.1145/2187671.2187677},
  journal   = {ACM Computing Surveys},
  numpages  = {62},
  url       = {https://dl.acm.org/doi/10.1145/2187671.2187677}
}

@book{digital-signal-processing,
  author    = {Smith, S.W.},
  publisher = {California Technical Publishing},
  title     = {The Scientist and Engineer's Guide to Digital Signal Processing},
  year      = {1997},
  isbn      = {978-0-9660176-3-2},
  url       = {https://www.dspguide.com/pdfbook.htm}
}

@article{measurements-temperture,
  author  = {Bhandari, Siddhartha and Bergmann, Neil and Jurdak, Raja and Kusy, Branislav},
  journal = {Sensors},
  title   = {Time Series Data Analysis of Wireless Sensor Network Measurements of Temperature},
  year    = {2017},
  month   = {05},
  pages   = {1221},
  volume  = {17},
  doi     = {10.3390/s17061221},
  url     = {https://www.mdpi.com/1424-8220/17/6/1221}
}

@incollection{wsn-overview,
  author    = {M.A. Matin and M.M. Islam},
  title     = {Overview of Wireless Sensor Network},
  booktitle = {Wireless Sensor Networks},
  publisher = {IntechOpen},
  pages     = {1-22},
  year      = {2012},
  editor    = {Mohammad A. Matin},
  chapter   = {1},
  doi       = {10.5772/49376},
  isbn      = {978-953-51-0735-4},
  url       = {https://doi.org/10.5772/49376}
}

@book{box-jenkins,
  author    = {George E.P. Box and Gwilym M. Jenkins and Gregory C. Reinsel and Greta M. Ljung},
  publisher = {John Wiley \& Sons, Inc.},
  title     = {Time Series Analysis: Forecasting and Control},
  year      = {2016},
  isbn      = {978-1-118-67502-1},
  edition   = {5},
  series    = {Wiley Series in Probability and Statistics}
}

@book{outlier-analysis,
  author    = {Charu C. Aggarwal},
  publisher = {Springer Publishing Company, Inc.},
  title     = {Outlier Analysis},
  year      = {2016},
  edition   = {2},
  isbn      = {978-3-319-47578-3}
}

@misc{arima-models-breakdown,
  author = {Vink, Ritchie},
  title  = {Algorithm Breakdown: AR, MA and ARIMA models},
  year   = {2018},
  month  = {9},
  url    = {https://www.ritchievink.com/blog/2018/09/26/algorithm-breakdown-ar-ma-and-arima-models/}
}

@book{anomaly-detection-algorithms,
  author    = {Mehrotra, Kishan G. and Mohan, Chilukuri K. and Huang, HuaMing},
  title     = {Anomaly Detection Principles and Algorithms},
  year      = {2017},
  isbn      = {978-3-319-67524-4},
  publisher = {Springer Publishing Company, Inc.}
}

@mastersthesis{online-anomaly-detection,
  author    = {Tomáš Pajurek},
  publisher = {Fakulta informačních technologií, České vysoké učení technické v Praze},
  title     = {Online Anomaly Detection in Time-Series},
  url       = {https://dspace.cvut.cz/bitstream/handle/10467/76417/F8-DP-2018-Pajurek-Tomas-thesis.pdf},
  year      = {2018}
}

@article{survey-outliers-temporal-data,
  author  = {Gupta, Manish and Gao, Jing and Aggarwal, Charu C. and Han, Jiawei},
  journal = {IEEE Transactions on Knowledge and Data Engineering},
  title   = {Outlier Detection for Temporal Data: A Survey},
  year    = {2014},
  number  = {9},
  pages   = {2250-2267},
  volume  = {26},
  doi     = {10.1109/TKDE.2013.184}
}

@article{wsn-outlier-detection-survey,
  author  = {Zhang, Yang and Meratnia, Nirvana and Havinga, Paul},
  journal = {IEEE Communications Surveys Tutorials},
  title   = {Outlier Detection Techniques for Wireless Sensor Networks: A Survey},
  year    = {2010},
  number  = {2},
  pages   = {159-170},
  volume  = {12},
  doi     = {10.1109/SURV.2010.021510.00088}
}

@book{outlier-techniques,
  author    = {N. N. R. Ranga Suri, Narasimha Murty, G. Athithan},
  publisher = {Springer International Publishing, Inc.},
  title     = {Outlier Detection: Techniques and Applications},
  year      = {2019},
  isbn      = {978-3-030-05127-3}
}

@article{pyod,
  author  = {Zhao, Yue and Nasrullah, Zain and Li, Zheng},
  journal = {Journal of Machine Learning Research},
  title   = {PyOD: A Python Toolbox for Scalable Outlier Detection},
  year    = {2019},
  number  = {96},
  pages   = {1-7},
  volume  = {20},
  url     = {http://jmlr.org/papers/v20/19-011.html}
}

@article{pysad,
  author  = {Yilmaz, Selim F and Kozat, Suleyman S},
  journal = {arXiv preprint arXiv:2009.02572},
  title   = {PySAD: A Streaming Anomaly Detection Framework in Python},
  year    = {2020}
}

@article{review-outlier-datection,
  author        = {Ane Blazquez\-Garcia and Angel Conde and Usue Mori and Jose Antonio Lozano},
  journal       = {CoRR},
  title         = {A review on outlier/anomaly detection in time series data},
  year          = {2020},
  volume        = {abs/2002.04236},
  archiveprefix = {arXiv},
  url           = {https://arxiv.org/abs/2002.04236}
}

@article{survey-univariate-time-series,
  author        = {Mohammad Braei and Sebastian Wagner},
  journal       = {CoRR},
  title         = {Anomaly Detection in Univariate Time-series: {A} Survey on the State-of-the-Art},
  year          = {2020},
  volume        = {abs/2004.00433},
  archiveprefix = {arXiv},
  url           = {https://arxiv.org/abs/2004.00433}
}

@article{local-outlier-factor,
  author     = {Breunig, Markus M. and Kriegel, Hans-Peter and Ng, Raymond T. and Sander, J\"{o}rg},
  journal    = {SIGMOD Rec.},
  title      = {LOF: Identifying Density-Based Local Outliers},
  year       = {2000},
  issn       = {0163-5808},
  month      = {5},
  number     = {2},
  pages      = {93–104},
  volume     = {29},
  doi        = {10.1145/335191.335388},
  issue_date = {June 2000},
  numpages   = {12},
  publisher  = {Association for Computing Machinery},
  url        = {https://doi.org/10.1145/335191.335388}
}

@article{stl,
  author  = {Cleveland, Robert B. and Cleveland, William S. and McRae, Jean E. and Terpenning, Irma},
  journal = {Journal of Official Statistics},
  title   = {STL: A Seasonal-Trend Decomposition Procedure Based on Loess},
  year    = {1990},
  pages   = {3--73},
  volume  = {6}
}

@article{robust-stl,
  author        = {Qingsong Wen and Jingkun Gao and Xiaomin Song and Liang Sun and Huan Xu and Shenghuo Zhu},
  journal       = {CoRR},
  title         = {RobustSTL: {A} Robust Seasonal-Trend Decomposition Algorithm for Long Time Series},
  year          = {2018},
  volume        = {abs/1812.01767},
  archiveprefix = {arXiv},
  url           = {http://arxiv.org/abs/1812.01767}
}

@book{signal-processing,
  author    = {Paolo Prandoni and Martin Vetterli},
  publisher = {EPFL Press},
  title     = {Signal Processing for Communications},
  year      = {2008},
  isbn      = {978-2-940222-20-9}
}

@inproceedings{event-detetion-time-series,
  author  = {Guralnik, Valery and Srivastava, Jaideep},
  title   = {Event Detection from Time Series Data},
  year    = {1999},
  month   = {01},
  pages   = {33-42},
  doi     = {10.1145/312129.312190},
  journal = {Proceedings of KDD-99}
}

@inproceedings{events-water-quality,
  author    = {Hart, David and Klise, Katherine and Cruz, Victoria and Wilson, Mark},
  title     = {Event Detection from Water Quality Time Series},
  year      = {2007},
  month     = {05},
  pages     = {1-12},
  doi       = {10.1061/40927(243)518},
  isbn      = {978-0-7844-0927-5},
  booktitle = {World Environmental and Water Resources Congress 2007}
}

@article{survey-iot-time-series-anomaly,
  author  = {Cook, Andrew A. and Mısırlı, Göksel and Fan, Zhong},
  journal = {IEEE Internet of Things Journal},
  title   = {Anomaly Detection for IoT Time-Series Data: A Survey},
  year    = {2020},
  number  = {7},
  pages   = {6481-6494},
  volume  = {7},
  doi     = {10.1109/JIOT.2019.2958185}
}

@article{level-shifts,
  author  = {R. Tsay},
  journal = {Journal of Forecasting},
  title   = {Outliers, Level Shifts, and Variance Changes in Time Series},
  year    = {1988},
  pages   = {1-20},
  volume  = {7}
}

@article{lstm-irregular-time-series,
  author  = {Oguzhan Karaahmetoglu and Fatih Ilhan and Ismail Balaban and S. Kozat},
  journal = {ArXiv},
  title   = {Unsupervised Online Anomaly Detection On Irregularly Sampled Or Missing Valued Time-Series Data Using LSTM Networks},
  year    = {2020},
  volume  = {abs/2005.12005},
  url     = {https://arxiv.org/pdf/2005.12005.pdf}
}

@article{tietjen–moore-test,
  author  = {Caliskan Karagöz, Derya and Aktaş Altunay, Serpil},
  journal = {Mathematical Sciences},
  title   = {Generalized Tietjen–Moore test to detect outliers},
  year    = {2017},
  month   = {12},
  volume  = {12},
  doi     = {10.1007/s40096-017-0239-8}
}

@misc{wastewater-treatment,
  author    = {Ambulkar, Archis and Nathanson, Jerry A.},
  month     = {8},
  title     = {Wastewater treatment},
  year      = {2021},
  publisher = {Encyclopedia Britannica},
  url       = {https://www.britannica.com/technology/wastewater-treatment}
}

@inbook{random-vibrations-math,
  author    = {Leonard Meirovitch},
  chapter   = {12},
  pages     = {685--748},
  publisher = {McGraw-Hill},
  title     = {Fundamentals of Vibrations},
  year      = {2001},
  isbn      = {0-07-118174-1}
}

@article{wasterwater-sk,
  author  = {Lenka Sumegová},
  journal = {Výskumný ústav vodného hospodárstva},
  title   = {Alternatívne spôsoby čistenia odpadových vôd na Slovensku},
  year    = {2019},
  url     = {http://www.vuvh.sk/download/RSV/Studia_korenove COV_Final_2020.pdf}
}

@book{wastewater-treatment-principles,
  author    = {Marcos von Sperling},
  publisher = {IWA Publishing},
  title     = {Basic Principles of Wastewater Treatment},
  year      = {2007},
  isbn      = {978-1-84339-162-3},
  series    = {Biological Wastewater Treatment Series},
  volume    = {2},
  url       = {https://www.iwapublishing.com/sites/default/files/ebooks/9781780402093.pdf}
}

@book{handbook-wastewater-plant,
  author    = {Frank R. Spellman},
  publisher = {CRC Press},
  title     = {Handbook of Water and Wastewater Treatment Plant Operations},
  year      = {2013},
  edition   = {3},
  isbn      = {978-1-4665-5338-5},
  doi       = {https://doi.org/10.1201/b15579}
}

@inproceedings{iot-monitoring-waste-water,
  author    = {Kodali, Ravi Kishore and Rajanarayanan, Sasweth C. and Yadavilli, Sindhuja},
  booktitle = {2019 IEEE R10 Humanitarian Technology Conference (R10-HTC)(47129)},
  title     = {IoT Monitoring Setup for Waste Water Treatment},
  year      = {2019},
  pages     = {169-174},
  doi       = {10.1109/R10-HTC47129.2019.9042472}
}

@inproceedings{vibration-mems,
  author  = {Tran, Duc-Tan and Luu, Ha and Nguyen, Tien Anh},
  title   = {A real-time vibration monitoring for vehicle based on 3-DOF MEMS accelerometer},
  year    = {2010},
  month   = {01},
  journal = {Proceedings of 2010 International Conference on Computational Intelligence and Vehicular System (CIVS2010)}
}

@inproceedings{vibration-modes,
  author  = {Burdzik, Rafal},
  title   = {Monitoring System of Vibration Propagation in Vehicles and Method of Analysing Vibration Modes},
  year    = {2012},
  month   = {10},
  pages   = {406-413},
  volume  = {329},
  doi     = {10.1007/978-3-642-34050-5_46},
  isbn    = {978-3-642-34049-9},
  journal = {Communications in Computer and Information Science}
}

@article{event-detection-water-distribution,
  author  = {Sela, Lina and Arad, Jonathan and Housh, Mashor and Ostfeld, Avi},
  journal = {Environmental science \& technology},
  title   = {Event Detection in Water Distribution Systems from Multivariate Water Quality Time Series},
  year    = {2012},
  month   = {06},
  pages   = {8212-9},
  volume  = {46},
  doi     = {10.1021/es3014024}
}

@article{events-water-quality-failure,
  author  = {Riss, Gerald and Romano, Michele and Memon, Fayyaz and Kapelan, Zoran},
  journal = {Water Supply},
  title   = {Detection of water quality failure events at treatment works using a hybrid two-stage method with CUSUM and random forest algorithms},
  year    = {2021},
  month   = {03},
  doi     = {10.2166/ws.2021.062}
}

@Article{wastewater-sensor-failure,
  author  = {Thiyagarajan, Karthick and Kodagoda, Sarath and Van Nguyen, Linh and Ranasinghe, Ravindra},
  journal = {IEEE Access},
  title   = {Sensor Failure Detection and Faulty Data Accommodation Approach for Instrumented Wastewater Infrastructures},
  year    = {2018},
  pages   = {56562-56574},
  volume  = {6},
  doi     = {10.1109/ACCESS.2018.2872506}
}

@inproceedings{event-detection-vibration,
  author    = {Stacey, Rob and Colley, Martin},
  booktitle = {2007 3rd IET International Conference on Intelligent Environments},
  title     = {Detection of discrete events in real time vibration data using sensor networks for intelligent environments},
  year      = {2007},
  pages     = {466-471},
  doi       = {10.1049/cp:20070409}
}

@book{change-theory,
  author = {Basseville, Michèle and Nikiforov, Igor},
  title  = {Detection of Abrupt Change Theory and Application},
  year   = {1993},
  isbn   = {0-13-126780-9},
  month  = {04},
  volume = {15}
}