% Encoding: UTF-8

@InProceedings{adaptive-sampling,
  author    = {Law, Yee Wei and Chatterjea, Supriyo and Jin, Jiong and Hanselmann, Thomas and Palaniswami, Marimuthu},
  booktitle = {Proceedings of the 2009 International Conference on Wireless Communications and Mobile Computing: Connecting the World Wirelessly},
  title     = {Energy-efficient data acquisition by adaptive sampling for wireless sensor networks},
  year      = {2009},
  month     = {06},
  pages     = {1146-1151},
  publisher = {Association for Computing Machinery},
  series    = {IWCMC '09},
  doi       = {10.1145/1582379.1582631},
  groups    = {Sensor network},
  isbn      = {978-1-60558-569-7},
  numpages  = {6},
  url       = {https://doi.org/10.1145/1582379.1582631},
}

@Book{practical-time-series,
  author    = {Aileen Nielsen},
  publisher = {O'Reilly Media},
  title     = {Practical Time Series Analysis: Prediction with Statistics and Machine Learning},
  year      = {2019},
  isbn      = {978-1-492-04165-8},
  groups    = {Time series models},
}

@InBook{time-series-analysis,
  author    = {William W.S. Wei},
  chapter   = {13},
  pages     = {289 - 318},
  publisher = {Pearson Education, Inc.},
  title     = {Time Series Analysis: Univariate and Multivariate Methods},
  year      = {2006},
  edition   = {2},
  isbn      = {0-321-32216-9},
  groups    = {Time series models},
}

@Article{anomaly-detection-models,
  author  = {Federico Giannoni and M. Mancini and Federico Marinelli},
  journal = {ArXiv},
  title   = {Anomaly Detection Models for IoT Time Series Data},
  year    = {2018},
  volume  = {abs/1812.00890},
  groups  = {Outlier / Anomaly Detection},
  url     = {https://arxiv.org/pdf/1812.00890.pdf},
}

@Article{big-data-collection-wsn,
  author  = {Djedouboum, Asside and ARI, Ado and Gueroui, Abdelhak and Mohamadou, Alidou and Aliouat, Zibouda},
  journal = {Sensors},
  title   = {Big Data Collection in Large-Scale Wireless Sensor Networks},
  year    = {2018},
  month   = {12},
  volume  = {18},
  doi     = {10.3390/s18124474},
  groups  = {Sensor network},
  url     = {https://www.mdpi.com/1424-8220/18/12/4474},
}

@Article{processing-information-flows,
  author    = {Cugola, Gianpaolo and Margara, Alessandro},
  journal   = {ACM Computing Surveys},
  title     = {Processing Flows of Information: From Data Stream to Complex Event Processing},
  year      = {2012},
  issn      = {0360-0300},
  month     = {06},
  number    = {3},
  volume    = {44},
  doi       = {10.1145/2187671.2187677},
  groups    = {Event / Change detection},
  numpages  = {62},
  publisher = {Association for Computing Machinery},
  url       = {https://doi.org/10.1145/2187671.2187677},
}

@InCollection{wsn-overview,
  author    = {M.A. Matin and M.M. Islam},
  booktitle = {Wireless Sensor Networks},
  publisher = {IntechOpen},
  title     = {Overview of Wireless Sensor Network},
  year      = {2012},
  chapter   = {1},
  editor    = {Mohammad A. Matin},
  isbn      = {978-953-51-0735-4},
  pages     = {1-22},
  doi       = {10.5772/49376},
  groups    = {Sensor network},
  url       = {https://doi.org/10.5772/49376},
}

@Book{outlier-analysis,
  author    = {Charu C. Aggarwal},
  publisher = {Springer Publishing Company, Inc.},
  title     = {Outlier Analysis},
  year      = {2016},
  edition   = {2},
  isbn      = {978-3-319-47578-3},
  groups    = {Outlier / Anomaly Detection},
}

@Book{anomaly-detection-algorithms,
  author    = {Mehrotra, Kishan G. and Mohan, Chilukuri K. and Huang, HuaMing},
  publisher = {Springer Publishing Company, Inc.},
  title     = {Anomaly Detection Principles and Algorithms},
  year      = {2017},
  isbn      = {978-3-319-67524-4},
  groups    = {Outlier / Anomaly Detection},
}

@MastersThesis{online-anomaly-detection,
  author    = {Tomáš Pajurek},
  title     = {Online Anomaly Detection in Time-Series},
  year      = {2018},
  groups    = {Outlier / Anomaly Detection},
  publisher = {Fakulta informačních technologií, České vysoké učení technické v Praze},
  url       = {https://dspace.cvut.cz/bitstream/handle/10467/76417/F8-DP-2018-Pajurek-Tomas-thesis.pdf},
}

@Article{survey-outliers-temporal-data,
  author  = {Gupta, Manish and Gao, Jing and Aggarwal, Charu C. and Han, Jiawei},
  journal = {IEEE Transactions on Knowledge and Data Engineering},
  title   = {Outlier Detection for Temporal Data: A Survey},
  year    = {2014},
  number  = {9},
  pages   = {2250-2267},
  volume  = {26},
  doi     = {10.1109/TKDE.2013.184},
  groups  = {Outlier / Anomaly Detection},
}

@Article{wsn-outlier-detection-survey,
  author  = {Zhang, Yang and Meratnia, Nirvana and Havinga, Paul},
  journal = {IEEE Communications Surveys Tutorials},
  title   = {Outlier Detection Techniques for Wireless Sensor Networks: A Survey},
  year    = {2010},
  number  = {2},
  pages   = {159-170},
  volume  = {12},
  doi     = {10.1109/SURV.2010.021510.00088},
  groups  = {Outlier / Anomaly Detection},
}

@Article{review-outlier-datection,
  author        = {Ane Blázquez-García and Angel Conde and Usue Mori and Jose Antonio Lozano},
  journal       = {CoRR},
  title         = {A review on outlier/anomaly detection in time series data},
  year          = {2020},
  volume        = {abs/2002.04236},
  archiveprefix = {arXiv},
  groups        = {Outlier / Anomaly Detection},
  url           = {https://arxiv.org/abs/2002.04236},
}

@Article{survey-univariate-time-series,
  author        = {Mohammad Braei and Sebastian Wagner},
  journal       = {CoRR},
  title         = {Anomaly Detection in Univariate Time-series: {A} Survey on the State-of-the-Art},
  year          = {2020},
  volume        = {abs/2004.00433},
  archiveprefix = {arXiv},
  groups        = {Outlier / Anomaly Detection},
  url           = {https://arxiv.org/abs/2004.00433},
}

@Article{local-outlier-factor,
  author     = {Breunig, Markus M. and Kriegel, Hans-Peter and Ng, Raymond T. and Sander, J\"{o}rg},
  journal    = {SIGMOD Rec.},
  title      = {LOF: Identifying Density-Based Local Outliers},
  year       = {2000},
  issn       = {0163-5808},
  month      = {5},
  number     = {2},
  pages      = {93–104},
  volume     = {29},
  doi        = {10.1145/335191.335388},
  groups     = {Outlier / Anomaly Detection},
  issue_date = {June 2000},
  numpages   = {12},
  publisher  = {Association for Computing Machinery},
  url        = {https://doi.org/10.1145/335191.335388},
}

@Book{signal-processing,
  author    = {Paolo Prandoni and Martin Vetterli},
  publisher = {EPFL Press},
  title     = {Signal Processing for Communications},
  year      = {2008},
  isbn      = {978-2-940222-20-9},
  groups    = {Spectral analysis},
}

@InProceedings{event-detetion-time-series,
  author  = {Guralnik, Valery and Srivastava, Jaideep},
  title   = {Event Detection from Time Series Data},
  year    = {1999},
  month   = {01},
  pages   = {33-42},
  doi     = {10.1145/312129.312190},
  groups  = {Event / Change detection},
  journal = {Proceedings of KDD-99},
}

@InProceedings{vibration-mems,
  author  = {Tran, Duc-Tan and Luu, Ha and Nguyen, Tien Anh},
  title   = {A real-time vibration monitoring for vehicle based on 3-DOF MEMS accelerometer},
  year    = {2010},
  month   = {01},
  groups  = {Accelerometer},
  journal = {Proceedings of 2010 International Conference on Computational Intelligence and Vehicular System (CIVS2010)},
}

@Book{change-theory,
  author = {Basseville, Michèle and Nikiforov, Igor},
  title  = {Detection of Abrupt Change Theory and Application},
  year   = {1993},
  isbn   = {0-13-126780-9},
  month  = {04},
  volume = {15},
  groups = {Event / Change detection},
}

@Article{twitter-esd,
  author  = {Jordan Hochenbaum and Owen S. Vallis and Arun Kejariwal},
  journal = {CoRR},
  title   = {Automatic Anomaly Detection in the Cloud Via Statistical Learning},
  year    = {2017},
  volume  = {abs/1704.07706},
  groups  = {Outlier / Anomaly Detection},
}

@Article{time-series-1-svm,
  author = {Jerónimo Arenas-García and Vanessa Gómez-Verdejo and Ángel Navia-Vázquez},
  title  = {RLS Adaptation of One-Class SVM for Time Series Novelty Detection},
  year   = {2004},
  groups = {Event / Change detection},
}

@Article{anomaly-non-stationary-environment,
  author  = {O'Reilly, Colin and Gluhak, Alexander and Imran, Muhammad Ali and Rajasegarar, Sutharshan},
  journal = {IEEE Communications Surveys Tutorials},
  title   = {Anomaly Detection in Wireless Sensor Networks in a Non-Stationary Environment},
  year    = {2014},
  number  = {3},
  pages   = {1413-1432},
  volume  = {16},
  doi     = {10.1109/SURV.2013.112813.00168},
  groups  = {Outlier / Anomaly Detection},
}

@InProceedings{ts-large-scale-unusual,
  author    = {Hyndman, Rob J. and Wang, Earo and Laptev, Nikolay},
  booktitle = {2015 IEEE International Conference on Data Mining Workshop (ICDMW)},
  title     = {Large-Scale Unusual Time Series Detection},
  year      = {2015},
  pages     = {1616-1619},
  doi       = {10.1109/ICDMW.2015.104},
  groups    = {Outlier / Anomaly Detection},
}

@InProceedings{vibration-3-axis-accelerometer,
  author    = {Liu, Jiang and Wang, Pengcheng and Tian, Xincheng},
  booktitle = {2017 Chinese Automation Congress (CAC)},
  title     = {Vibration displacement measurement based on three axes accelerometer},
  year      = {2017},
  pages     = {2374-2378},
  doi       = {10.1109/CAC.2017.8243173},
  groups    = {Accelerometer},
}

@Article{mems-accel-mechanical-vibrations,
  author  = {Varanis, Marcus and Silva, Anderson and Mereles, Arthur and Pederiva, Robson},
  journal = {Journal of the Brazilian Society of Mechanical Sciences and Engineering},
  title   = {MEMS accelerometers for mechanical vibrations analysis: a comprehensive review with applications},
  year    = {2018},
  month   = {11},
  volume  = {40},
  doi     = {10.1007/s40430-018-1445-5},
  groups  = {Accelerometer},
}

@Article{dct,
  author     = {Strang, Gilbert},
  journal    = {SIAM Rev.},
  title      = {The Discrete Cosine Transform},
  year       = {1999},
  issn       = {0036-1445},
  month      = {mar},
  number     = {1},
  pages      = {135–147},
  volume     = {41},
  address    = {USA},
  doi        = {10.1137/S0036144598336745},
  groups     = {Spectral analysis},
  issue_date = {March 1999},
  keywords   = {cosine transform, signal processing, orthogonality},
  numpages   = {13},
  publisher  = {Society for Industrial and Applied Mathematics},
  url        = {https://doi.org/10.1137/S0036144598336745},
}

@Manual{accelerometer-mechanics,
  title        = {Accelerometer and Gyroscopes Sensors: Operation, Sensing, and Applications},
  author       = {Majid Dadafshar},
  month        = mar,
  organization = {Maxim integrated},
  year         = {2014},
  groups       = {Accelerometer},
}

@InProceedings{signal-feature-extraction,
  author    = {Verma, Nishchal K. and Gupta, Rajat and Sevakula, Rahul K. and Salour, Al},
  booktitle = {TENCON 2014 - 2014 IEEE Region 10 Conference},
  title     = {Signal transforms for feature extraction from vibration signal for air compressor monitoring},
  year      = {2014},
  pages     = {1-6},
  doi       = {10.1109/TENCON.2014.7022275},
  groups    = {Spectral analysis},
}

@Article{vehicle-detection-seismic-sensor,
  author  = {Ghosh, Ripul and Akula, Aparna and Kumar, Satish and Sardana, Hk},
  journal = {Journal of Sound and Vibration},
  title   = {Time–frequency analysis based robust vehicle detection using seismic sensor},
  year    = {2015},
  month   = {06},
  pages   = {424–434},
  volume  = {346},
  doi     = {10.1016/j.jsv.2015.02.011},
  groups  = {Spectral analysis},
}

@Article{railway-wheel-flats,
  author         = {Shim, JaeSeok and Kim, GeoYoung and Cho, ByungJin and Koo, JeongSeo},
  journal        = {Applied Sciences},
  title          = {Application of Vibration Signal Processing Methods to Detect and Diagnose Wheel Flats in Railway Vehicles},
  year           = {2021},
  issn           = {2076-3417},
  number         = {5},
  volume         = {11},
  article-number = {2151},
  doi            = {10.3390/app11052151},
  groups         = {Spectral analysis},
  url            = {https://www.mdpi.com/2076-3417/11/5/2151},
}

@Article{displacement-signal,
  author  = {Han, Sangbo},
  journal = {Journal of Mechanical Science and Technology},
  title   = {Measuring displacement signal with an accelerometer},
  year    = {2010},
  month   = {06},
  pages   = {1329-1335},
  volume  = {24},
  doi     = {10.1007/s12206-010-0336-1},
  groups  = {Accelerometer},
}

@Book{fft-blackbox,
  author    = {Eleanor Chu and Alan George},
  publisher = {CRC Press LLC},
  title     = {Inside the FFT Blackbox: Serial and Parallel Fast Fourier Transform Algorithms},
  year      = {2000},
  isbn      = {0-8493-0270-6},
  series    = {Computational Mathematics},
  groups    = {Spectral analysis},
}

@Article{mdof-mems-accelerometers,
  author         = {Mohammed, Zakriya and Elfadel, Ibrahim (Abe) M. and Rasras, Mahmoud},
  journal        = {Micromachines},
  title          = {Monolithic Multi Degree of Freedom (MDoF) Capacitive MEMS Accelerometers},
  year           = {2018},
  issn           = {2072-666X},
  number         = {11},
  volume         = {9},
  article-number = {602},
  doi            = {10.3390/mi9110602},
  groups         = {Accelerometer},
  pubmedid       = {30453536},
  url            = {https://www.mdpi.com/2072-666X/9/11/602},
}

@Article{integration-acceleration-envelopes,
  author  = {Yanli Yang and Yanfei Zhao and Dali Kang},
  journal = {Journal of Measurements in Engineering,},
  title   = {Integration on acceleration signals by adjusting with envelopes},
  year    = {2016},
  pages   = {117-121},
  volume  = {4},
  groups  = {Accelerometer},
}

@Article{real-time-pca,
  author     = {Chowdhury, Ranak Roy and Adnan, Muhammad Abdullah and Gupta, Rajesh K.},
  journal    = {ACM/IMS Trans. Data Sci.},
  title      = {Real-Time Principal Component Analysis},
  year       = {2020},
  issn       = {2691-1922},
  month      = jun,
  number     = {2},
  volume     = {1},
  address    = {New York, NY, USA},
  articleno  = {10},
  doi        = {10.1145/3374750},
  groups     = {Time series models},
  issue_date = {July 2020},
  keywords   = {Big data, PCA, dimensionality reduction, real time},
  numpages   = {36},
  publisher  = {Association for Computing Machinery},
  url        = {https://doi.org/10.1145/3374750},
}

@Book{vibrations-shock,
  author    = {Jens Trampe Broch},
  publisher = {Br\"uel \& Kj{\ae}r},
  title     = {Mechanical Vibration and Shock Measurements},
  year      = {1984},
  edition   = {2},
  isbn      = {87-87355-3-4-5},
  groups    = {Accelerometer},
}

@Book{understanding-dsp,
  author    = {Richard G. Lyons},
  publisher = {Pearson Education, Inc.},
  title     = {Understanding Digital Signal Processing},
  year      = {2011},
  edition   = {3},
  isbn      = {978-0-13-702741-5},
  groups    = {Spectral analysis},
}

@InProceedings{spectral-density-estimation,
  author = {G. Heinzel and A. R{\"u}diger and R. Schilling},
  title  = {Spectrum and spectral density estimation by the Discrete Fourier transform (DFT), including a comprehensive list of window functions and some new at-top windows},
  year   = {2002},
  groups = {Spectral analysis},
}

@Misc{generalized-esd,
  author = {NIST/SEMATECH},
  month  = apr,
  title  = {e-Handbook of Statistical Methods: Generalized ESD Test for Outliers},
  year   = {2012},
  doi    = {https://doi.org/10.18434/M32189},
  groups = {Outlier / Anomaly Detection},
  url    = {https://www.itl.nist.gov/div898/handbook/eda/section3/eda35h3.htm},
}

@MastersThesis{casove-frekvencia-analyza-signalu,
  author    = {Radovan Kovačev},
  title     = {Časově-frekvenční analýza signálu},
  year      = {2012},
  groups    = {Spectral analysis},
  publisher = {Fakulta informačních technologií, Vysoké učení technické v Brně},
}

@Article{eeg-spanok,
  author  = {Tomáš Potočňák and Jiří Kozumplík},
  journal = {Elektrorevue},
  title   = {Časovo-frekvenčná analýza spánkového EEG s využitím metód založených na okamžitej frekvencii},
  year    = {2017},
  issn    = {1213-1539},
  month   = jun,
  number  = {3},
  volume  = {19},
  groups  = {Spectral analysis},
}

@Article{survey-peaks-valleys,
  author = {Roger Schneider},
  title  = {Survey of Peaks/Valleys identificationin Time Series},
  year   = {2011},
  month  = aug,
  note   = {Department of Informatics, University of Z\"urich},
  groups = {Peak detection}
}

@Article{ampd-algorithm,
  author  = {Scholkmann, Felix and Boss, Jens and Wolf, Martin},
  journal = {Algorithms},
  title   = {An Efficient Algorithm for Automatic Peak Detection in Noisy Periodic and Quasi-Periodic Signals},
  year    = {2012},
  issn    = {1999-4893},
  number  = {4},
  pages   = {588--603},
  volume  = {5},
  doi     = {10.3390/a5040588},
  groups  = {Peak detection},
  url     = {https://www.mdpi.com/1999-4893/5/4/588},
}

@Article{peek-mountaineer-method,
  author  = {Arg\"uello-Prada, Erick Javier},
  journal = {Revista Facultad de Ingeniería Universidad de Antioquia},
  title   = {The mountaineer’s method for peak detection in photoplethysmographic signals},
  year    = {2019},
  month   = {Jan.},
  number  = {90},
  pages   = {42–50},
  doi     = {10.17533/udea.redin.n90a06},
  groups  = {Peak detection},
  url     = {https://revistas.udea.edu.co/index.php/ingenieria/article/view/332019},
}

@Article{data-streams,
  author     = {Muthukrishnan, S.},
  journal    = {Foundations and Trends in Theoretical Computer Science},
  title      = {Data Streams: Algorithms and Applications},
  year       = {2005},
  issn       = {1551-305X},
  month      = aug,
  number     = {2},
  pages      = {117–236},
  volume     = {1},
  address    = {Hanover, MA, USA},
  doi        = {10.1561/0400000002},
  groups     = {Time series models},
  issue_date = {August 2005},
  numpages   = {120},
  publisher  = {Now Publishers Inc.},
  url        = {\url{https://doi.org/10.1561/0400000002}},
}

@Article{ecg-r-peak-detection,
  author  = {Rahman, M.S. and Choi, C. and Kim, Y.-P and Kim, S.},
  journal = {Journal of Electrical Engineering and Technology},
  title   = {A simple and robustness algorithm for ECG R-peak detection},
  year    = {2018},
  month   = {09},
  pages   = {2080-2085},
  volume  = {13},
  doi     = {10.5370/JEET.2018.13.5.2080},
  groups  = {Peak detection},
}

@Article{spectrometry-peak-detection,
  author  = {Yang, Chao and He, Zengyou and Yu, Weichuan},
  journal = {BMC bioinformatics},
  title   = {Comparison of public peak detection algorithms for MALDI mass spectrometry data analysis},
  year    = {2009},
  month   = {02},
  pages   = {4},
  volume  = {10},
  doi     = {10.1186/1471-2105-10-4},
  groups  = {Peak detection},
}

@Manual{lsm9ds1,
  title        = {iNEMO inertial module: 3D accelerometer, 3D gyroscope, 3D magnetometer},
  month        = mar,
  note         = {Rev. 3},
  organization = {STMicroelectronics},
  year         = {2015},
  groups       = {Manuals},
  number       = {LSM9DS1},
}

@Manual{adxl362,
  title        = {Micropower, 3-Axis, ±2 g/±4 g/±8 g Digital Output MEMS Accelerometer},
  note         = {Rev. F},
  organization = {Analog Devices},
  year         = {2019},
  groups       = {Manuals},
  number       = {ADXL362},
}

@Manual{adxl357,
  title  = {Low Noise, Low Drift, Low Power, 3-Axis MEMS Accelerometers},
  note   = {Rev. A},
  year   = {2020},
  groups = {Manuals},
  number = {ADXL356},
}

@InBook{numerical-mathematics,
  author    = {Alfio Quarteroni and Riccardo Sacco and Fausto Saleri},
  chapter   = {9. Numerical Integration},
  pages     = {371 - 398},
  publisher = {Springer Inc.},
  title     = {Numerical Mathematics},
  year      = {2000},
  isbn      = {0-387-98959-5},
  groups    = {Accelerometer},
}

@InBook{knuth,
  author    = {Donald E. Knuth},
  chapter   = {4.2.2},
  pages     = {216},
  publisher = {Addison-Wesley},
  title     = {The Art of Computer Programming},
  year      = {1981},
  edition   = {2},
  isbn      = {0-201-03822-6},
  volume    = {2},
  groups    = {Peak detection},
}

@InProceedings{microstructure-mems,
  author    = {Tsai, Ming-Han and Liu, Yu-Chia and Sun, Chih-Ming and Wang, Chuanwei and Cheng, Chun-Wen and Fang, Weileun},
  booktitle = {2011 16th International Solid-State Sensors, Actuators and Microsystems Conference},
  title     = {A 400×400µm2 3-axis CMOS-MEMS accelerometer with vertically integrated fully-differential sensing electrodes},
  year      = {2011},
  pages     = {811-814},
  doi       = {10.1109/TRANSDUCERS.2011.5969154},
  groups    = {Accelerometer},
}

@Book{music-processing,
  author    = {M\"uller, Meinard},
  publisher = {Springer, Inc.},
  title     = {Fundamentals of Music Processing: Audio, Analysis, Algorithms, Applications},
  year      = {2015},
  edition   = {1st},
  isbn      = {978-3-319-21945-5},
  doi       = {10.1007/978-3-319-21945-5},
  groups    = {Spectral analysis},
}

@Book{zaklady-statistiky,
  author    = {Jiří Neubauer and Marek Sedláček and Oldřich Kříž},
  publisher = {Grada Publishing, a.s.},
  title     = {Základy statistiky - Aplikace v technických a ekonomických oborech},
  year      = {2012},
  edition   = {1},
  isbn      = {978-80-247-4273-1},
  groups    = {Time series models},
}

@Article{roc-analysis,
  author  = {Tom Fawcett},
  journal = {Pattern Recognition Letters},
  title   = {An introduction to ROC analysis},
  year    = {2006},
  issn    = {0167-8655},
  note    = {ROC Analysis in Pattern Recognition},
  number  = {8},
  pages   = {861-874},
  volume  = {27},
  doi     = {https://doi.org/10.1016/j.patrec.2005.10.010},
  groups  = {Peak detection},
  url     = {https://www.sciencedirect.com/science/article/pii/S016786550500303X},
}

@Article{binary-classifier,
  author     = {Sebastian Raschka},
  journal    = {CoRR},
  title      = {An Overview of General Performance Metrics of Binary Classifier Systems},
  year       = {2014},
  volume     = {abs/1410.5330},
  eprint     = {1410.5330},
  eprinttype = {arXiv},
  groups     = {Peak detection},
  url        = {http://arxiv.org/abs/1410.5330},
}

@InProceedings{edge-computing-survey,
  author  = {S. Magesh and J. Indumathi and Radha RamMohan. S and Niveditha V. R and P. Shanmuga Prabha},
  title   = {Concepts and Contributions of Edge Computing in Internet of Things (IoT): A Survey},
  year    = {2020},
  number  = {5},
  pages   = {146 - 156},
  volume  = {7},
  doi     = {10.22247/ijcna/2020/203914},
  groups  = {Sensor network},
  journal = {International Journal of Computer Networks and Applications (IJCNA)},
}

@Article{edge-vision,
  author  = {Shi, Weisong and Cao, Jie and Zhang, Quan and Li, Youhuizi and Xu, Lanyu},
  journal = {IEEE Internet of Things Journal},
  title   = {Edge Computing: Vision and Challenges},
  year    = {2016},
  number  = {5},
  pages   = {637-646},
  volume  = {3},
  doi     = {10.1109/JIOT.2016.2579198},
  groups  = {Sensor network},
}

@Article{edge-overview,
  author  = {Cao, Keyan and Liu, Yefan and Meng, Gongjie and Sun, Qimeng},
  journal = {IEEE Access},
  title   = {An Overview on Edge Computing Research},
  year    = {2020},
  month   = {01},
  pages   = {1-1},
  volume  = {PP},
  doi     = {10.1109/ACCESS.2020.2991734},
  groups  = {Sensor network},
}

@Article{comparasion-wireless-networks,
  author  = {Chakkor, Saad and Cheikh, El and Mostafa, Baghouri and Hajraoui, Abderrahmane},
  journal = {International Journal of Advanced Computer Science and Applications},
  title   = {Comparative Performance Analysis of Wireless Communication Protocols for Intelligent Sensors and Their Applications},
  year    = {2014},
  month   = {09},
  volume  = {5},
  doi     = {10.14569/IJACSA.2014.050413},
  groups  = {Sensor network},
}

@Article{fast-dct,
  author  = {Makhoul, J.},
  journal = {IEEE Transactions on Acoustics, Speech, and Signal Processing},
  title   = {A fast cosine transform in one and two dimensions},
  year    = {1980},
  number  = {1},
  pages   = {27-34},
  volume  = {28},
  doi     = {10.1109/TASSP.1980.1163351},
  groups  = {Spectral analysis},
}

@InBook{computer-vision-fft,
  author    = {Elena Šikudová and Zuzana Černeková and Wanda Benešová and Zuzana Haladová and Júlia Kučerová},
  chapter   = {1.3.3. Rýchla Fourierova transformácia},
  pages     = {17 - 21},
  publisher = {Wikina},
  title     = {Počítačové videnie. Detekcia a rozpoznávanie objektov},
  year      = {2011},
  edition   = {1},
  isbn      = {978-80-87925-06-5},
  groups    = {Spectral analysis},
}

@Article{dit-dif-fft,
  author  = {Kumar, G Ganesh and Sahoo, Subhendu and Meher, P.K.},
  journal = {Circuits, Systems, and Signal Processing},
  title   = {50 Years of FFT Algorithms and Applications},
  year    = {2019},
  month   = {12},
  volume  = {38},
  doi     = {10.1007/s00034-019-01136-8},
  groups  = {Spectral analysis},
}

@Article{dct-applications,
  author  = {Khayam, Syed Ali},
  journal = {Course Notes, Department of Electrical \& Computer Engineering},
  title   = {The Discrete Cosine Transform (DCT): Theory and Application},
  year    = {2003},
  month   = {01},
  groups  = {Spectral analysis},
}

@Article{mdct,
  author     = {Xuancheng Shao and Steven G. Johnson},
  journal    = {CoRR},
  title      = {Type-IV DCT, DST, and MDCT algorithms with reduced numbers of arithmetic operations},
  year       = {2007},
  volume     = {abs/0708.4399},
  eprinttype = {arXiv},
  groups     = {Spectral analysis},
  url        = {http://arxiv.org/abs/0708.4399},
}

@Article{split-radix,
  author  = {Duhamel, P. and Hollmann, Henk},
  journal = {Electronics Letters},
  title   = {`Split radix' FFT algorithm},
  year    = {1984},
  month   = {02},
  pages   = {14 - 16},
  volume  = {20},
  doi     = {10.1049/el:19840012},
  groups  = {Spectral analysis},
}

@Comment{jabref-meta: databaseType:bibtex;}

@Comment{jabref-meta: grouping:
0 AllEntriesGroup:;
1 StaticGroup:Sensor network\;0\;0\;0x000000ff\;\;\;;
1 StaticGroup:Accelerometer\;0\;0\;0x336633ff\;\;\;;
1 StaticGroup:Time series models\;0\;0\;0x1a3399ff\;\;\;;
1 StaticGroup:Outlier / Anomaly Detection\;0\;1\;0x80334dff\;\;\;;
1 StaticGroup:Peak detection\;0\;0\;0xffff00ff\;\;\;;
1 StaticGroup:Event / Change detection\;0\;1\;0x4d1a4dff\;\;\;;
1 StaticGroup:Spectral analysis\;0\;0\;0xcc3333ff\;\;\;;
1 StaticGroup:Manuals\;0\;1\;0x008000ff\;\;\;;
}
